<?xml version="1.0" encoding="UTF-8"?><record xmlns="http://www.loc.gov/MARC21/slim" xmlns:cinclude="http://apache.org/cocoon/include/1.0" xmlns:zs="http://www.loc.gov/zing/srw/">
  <leader>00647cz  a2200157n  4500</leader>
  <controlfield tag="001">n  87116344 </controlfield>
  <controlfield tag="003">DLC</controlfield>
  <controlfield tag="005">19970222054154.6</controlfield>
  <controlfield tag="008">870803n| acannaab|          |n aaa |||  </controlfield>
  <datafield tag="010" ind1=" " ind2=" ">
    <subfield code="a">n  87116344 </subfield>
    <subfield code="z">n  93044893 </subfield>
  </datafield>
  <datafield tag="035" ind1=" " ind2=" ">
    <subfield code="a">(OCoLC)oca01909122 </subfield>
  </datafield>
  <datafield tag="040" ind1=" " ind2=" ">
    <subfield code="a">DLC</subfield>
    <subfield code="c">DLC</subfield>
    <subfield code="d">DLC</subfield>
    <subfield code="d">OCoLC</subfield>
  </datafield>
  <datafield tag="100" ind1="1" ind2="0">
    <subfield code="a">Sorensen, Elaine Joy</subfield>
  </datafield>
  <datafield tag="670" ind1=" " ind2=" ">
    <subfield code="a">nuc87-75177: Her Wage discrimination against women, 1983?</subfield>
    <subfield code="b">(hdg. on CU rept.: Sorensen, Elaine Joy; usage: Elaine Joy Sorensen)</subfield>
  </datafield>
  <datafield tag="670" ind1=" " ind2=" ">
    <subfield code="a">Her Exploring the reasons behind the narrowing gender gap ... c1991:</subfield>
    <subfield code="b">CIP t.p. (Elaine Sorensen)</subfield>
  </datafield>
  <datafield tag="670" ind1=" " ind2=" ">
    <subfield code="a">Her Comparable worth, c1994:</subfield>
    <subfield code="b">CIP t.p. (Elaine Sorensen) vita (b. 1955)</subfield>
  </datafield>
</record>